@techreport{franke1979critical,
  title={A critical comparison of some methods for interpolation of scattered data},
  author={Franke, Richard},
  year={1979},
  institution={Monterey, California: Naval Postgraduate School.}
}

@book{legendre1805nouvelles,
  title={Nouvelles m{\'e}thodes pour la d{\'e}termination des orbites des com{\`e}tes},
  author={Legendre, Adrien Marie},
  year={1805},
  publisher={F. Didot}
}