@techreport{franke1979critical,
  title={A critical comparison of some methods for interpolation of scattered data},
  author={Franke, Richard},
  year={1979},
  institution={Monterey, California: Naval Postgraduate School.}
}

@book{legendre1805nouvelles,
  title={Nouvelles m{\'e}thodes pour la d{\'e}termination des orbites des com{\`e}tes},
  author={Legendre, Adrien Marie},
  year={1805},
  publisher={F. Didot}
}

@misc{trevor2009elements,
  title={The elements of statistical learning: data mining, inference, and prediction},
  author={Trevor Hastie and Robert Tibshirani and JH Friedman},
  year={2009},
  publisher={New York, NY: Springer}
}

@article{hoerl1970ridge,
  title={Ridge regression: Biased estimation for nonorthogonal problems},
  author={Hoerl, Arthur E and Kennard, Robert W},
  journal={Technometrics},
  volume={12},
  number={1},
  pages={55--67},
  year={1970},
  publisher={Taylor \& Francis Group}
}

@article{tikhonov1943stability,
  title={On the stability of inverse problems},
  author={Tikhonov, Andrey},
  journal={Doklady Akademii Nauk SSSR},
  volume={39},
  number={5},
  pages={195--198},
  year={1943}
}

@book{lay2012linear,
  title={Linear Algebra and Its Applications},
  author={Lay, David},
  year={2012},
  publisher={Pearson},
  edition={4}
}

@article{tibshirani1996regression,
 ISSN = {00359246},
 URL = {http://www.jstor.org/stable/2346178},
 author = {Robert Tibshirani},
 journal = {Journal of the Royal Statistical Society. Series B (Methodological)},
 number = {1},
 pages = {267--288},
 publisher = {[Royal Statistical Society, Wiley]},
 title = {Regression Shrinkage and Selection via the Lasso},
 volume = {58},
 year = {1996}
}

@inproceedings{he2015delving,
  title={Delving deep into rectifiers: Surpassing human-level performance on imagenet classification},
  author={He, Kaiming and Zhang, Xiangyu and Ren, Shaoqing and Sun, Jian},
  booktitle={Proceedings of the IEEE international conference on computer vision},
  pages={1026--1034},
  year={2015}
}

@inproceedings{glorot2010understanding,
  title={Understanding the difficulty of training deep feedforward neural networks},
  author={Glorot, Xavier and Bengio, Yoshua},
  booktitle={Proceedings of the thirteenth international conference on artificial intelligence and statistics},
  pages={249--256},
  year={2010}
}


@ARTICLE{mehta2018highbias,
   author = {{Mehta}, P. and {Bukov}, M. and {Wang}, C.-H. and {Day}, A.~G.~R. and 
	{Richardson}, C. and {Fisher}, C.~K. and {Schwab}, D.~J.},
    title = "{A high-bias, low-variance introduction to Machine Learning for physicists}",
  journal = {ArXiv e-prints},
archivePrefix = "arXiv",
   eprint = {1803.08823},
 primaryClass = "physics.comp-ph",
 keywords = {Physics - Computational Physics, Condensed Matter - Statistical Mechanics, Computer Science - Machine Learning, Statistics - Machine Learning},
     year = 2018,
    month = mar,
   adsurl = {http://adsabs.harvard.edu/abs/2018arXiv180308823M},
  adsnote = {Provided by the SAO/NASA Astrophysics Data System}
}

@mastersthesis{ledum2017computational,
  title={A Computational Environment for Multiscale Modelling},
  author={Ledum, Morten},
  year={2017},
  url={https://www.duo.uio.no/handle/10852/61196}
}
