@techreport{franke1979critical,
  title={A critical comparison of some methods for interpolation of scattered data},
  author={Franke, Richard},
  year={1979},
  institution={Monterey, California: Naval Postgraduate School.}
}

@book{legendre1805nouvelles,
  title={Nouvelles m{\'e}thodes pour la d{\'e}termination des orbites des com{\`e}tes},
  author={Legendre, Adrien Marie},
  year={1805},
  publisher={F. Didot}
}

@misc{trevor2009elements,
  title={The elements of statistical learning: data mining, inference, and prediction},
  author={Trevor Hastie and Robert Tibshirani and JH Friedman},
  year={2009},
  publisher={New York, NY: Springer}
}

@article{hoerl1970ridge,
  title={Ridge regression: Biased estimation for nonorthogonal problems},
  author={Hoerl, Arthur E and Kennard, Robert W},
  journal={Technometrics},
  volume={12},
  number={1},
  pages={55--67},
  year={1970},
  publisher={Taylor \& Francis Group}
}

@article{tikhonov1943stability,
  title={On the stability of inverse problems},
  author={Tikhonov, Andrey},
  journal={Doklady Akademii Nauk SSSR},
  volume={39},
  number={5},
  pages={195--198},
  year={1943}
}

@book{lay2012linear,
  title={Linear Algebra and Its Applications},
  author={Lay, David},
  year={2012},
  publisher={Pearson},
  edition={4}
}

@article{tibshirani1996regression,
 ISSN = {00359246},
 URL = {http://www.jstor.org/stable/2346178},
 author = {Robert Tibshirani},
 journal = {Journal of the Royal Statistical Society. Series B (Methodological)},
 number = {1},
 pages = {267--288},
 publisher = {[Royal Statistical Society, Wiley]},
 title = {Regression Shrinkage and Selection via the Lasso},
 volume = {58},
 year = {1996}
}

@inproceedings{he2015delving,
  title={Delving deep into rectifiers: Surpassing human-level performance on imagenet classification},
  author={He, Kaiming and Zhang, Xiangyu and Ren, Shaoqing and Sun, Jian},
  booktitle={Proceedings of the IEEE international conference on computer vision},
  pages={1026--1034},
  year={2015}
}

@inproceedings{glorot2010understanding,
  title={Understanding the difficulty of training deep feedforward neural networks},
  author={Glorot, Xavier and Bengio, Yoshua},
  booktitle={Proceedings of the thirteenth international conference on artificial intelligence and statistics},
  pages={249--256},
  year={2010}
}


@ARTICLE{mehta2018highbias,
   author = {{Mehta}, P. and {Bukov}, M. and {Wang}, C.-H. and {Day}, A.~G.~R. and 
	{Richardson}, C. and {Fisher}, C.~K. and {Schwab}, D.~J.},
    title = "{A high-bias, low-variance introduction to Machine Learning for physicists}",
  journal = {ArXiv e-prints},
archivePrefix = "arXiv",
   eprint = {1803.08823},
 primaryClass = "physics.comp-ph",
 keywords = {Physics - Computational Physics, Condensed Matter - Statistical Mechanics, Computer Science - Machine Learning, Statistics - Machine Learning},
     year = 2018,
    month = mar,
   adsurl = {http://adsabs.harvard.edu/abs/2018arXiv180308823M},
  adsnote = {Provided by the SAO/NASA Astrophysics Data System}
}

@mastersthesis{ledum2017computational,
  title={A Computational Environment for Multiscale Modelling},
  author={Ledum, Morten},
  year={2017},
  url={https://www.duo.uio.no/handle/10852/61196}
}

@book{mcdonald,
   author    = {J.M. McDonald and N.A. Weiss}, 
   title     = {A course in Real Analysis},
   publisher = {Academic Press},
   year      = 2013,
   edition   = 2,
   isbn      = {0-12-387774-1}
}

@article{HORNIK1989359,
   title = "Multilayer feedforward networks are universal approximators",
   journal = "Neural Networks",
   volume = "2",
   number = "5",
   pages = "359 - 366",
   year = "1989",
   issn = "0893-6080",
   doi = "https://doi.org/10.1016/0893-6080(89)90020-8",
   url = "http://www.sciencedirect.com/science/article/pii/0893608089900208",
   author = "Kurt Hornik and Maxwell Stinchcombe and Halbert White",
   keywords = "Feedforward networks, Universal approximation, Mapping    networks, Network representation capability, Stone-Weierstrass Theorem,    Squashing functions, Sigma-Pi networks, Back-propagation networks"
}

@inproceedings{glorot2011deep,
  title={Deep sparse rectifier neural networks},
  author={Glorot, Xavier and Bordes, Antoine and Bengio, Yoshua},
  booktitle={Proceedings of the fourteenth international conference on artificial intelligence and statistics},
  pages={315--323},
  year={2011}
}



@Article{backprop,
   author={Rumelhart, David E.
   and Hinton, Geoffrey E.
   and Williams, Ronald J.},
   title={Learning representations by back-propagating errors},
   journal={Nature},
   year={1986},
   month={Oct},
   day={09},
   publisher={Nature Publishing Group SN},
   volume={323},
   url={http://dx.doi.org/10.1038/323533a0}
}


@article{kingma2014adam,
  title={Adam: A method for stochastic optimization},
  author={Kingma, Diederik P and Ba, Jimmy},
  journal={arXiv preprint arXiv:1412.6980},
  year={2014}
}

@article{qian1999monentum,
title = "On the momentum term in gradient descent learning algorithms",
journal = "Neural Networks",
volume = "12",
number = "1",
pages = "145 - 151",
year = "1999",
issn = "0893-6080",
doi = "https://doi.org/10.1016/S0893-6080(98)00116-6",
url = "http://www.sciencedirect.com/science/article/pii/S0893608098001166",
author = "Ning Qian",
keywords = "Momentum, Gradient descent learning algorithm, Damped harmonic oscillator, Critical damping, Learning rate, Speed of convergence"
}

@article{mccoy2012importance,
  title={The importance of the Ising model},
  author={McCoy, Barry M and Maillard, Jean-Marie},
  journal={Progress of Theoretical Physics},
  volume={127},
  number={5},
  pages={791--817},
  year={2012},
  publisher={Oxford University Press}
}

@Article{Ising1925,
author="Ising, Ernst",
title="Beitrag zur Theorie des Ferromagnetismus",
journal="Zeitschrift f{\"u}r Physik",
year="1925",
month="Feb",
day="01",
volume="31",
number="1",
pages="253--258",
issn="0044-3328",
doi="10.1007/BF02980577",
url="https://doi.org/10.1007/BF02980577"
}

@article{onsager1944crystal,
  title = {Crystal Statistics. I. A Two-Dimensional Model with an Order-Disorder Transition},
  author = {Onsager, Lars},
  journal = {Phys. Rev.},
  volume = {65},
  issue = {3-4},
  pages = {117--149},
  numpages = {0},
  year = {1944},
  month = {Feb},
  publisher = {American Physical Society},
  doi = {10.1103/PhysRev.65.117},
  url = {https://link.aps.org/doi/10.1103/PhysRev.65.117}
}

@article{potts_1952, title={Some generalized order-disorder transformations}, volume={48}, DOI={10.1017/S0305004100027419}, number={1}, journal={Mathematical Proceedings of the Cambridge Philosophical Society}, publisher={Cambridge University Press}, author={Potts, R. B.}, year={1952}, pages={106â€“109}}

